<?xml version="1.0" encoding="UTF-8"?>
<marc:collection xmlns:marc="http://www.loc.gov/MARC21/slim"
    xmlns:xsi="http://www.w3.org/2001/XMLSchema-instance"
    xsi:schemaLocation="http://www.loc.gov/MARC21/slim http://www.loc.gov/standards/marcxml/schema/MARC21slim.xsd">
    
    <!-- test deduplication -->
    <!--<marc:record>
        <marc:leader>02042cam a2200421 i 4500</marc:leader>
        <marc:controlfield tag="007">ad</marc:controlfield>
        <marc:datafield tag="336" ind1=" " ind2=" ">
            <marc:subfield code="a">text</marc:subfield>
            <marc:subfield code="b">txt</marc:subfield>
            <marc:subfield code="2">rdacontent</marc:subfield>
        </marc:datafield>
        <marc:datafield tag="337" ind1=" " ind2=" ">
            <marc:subfield code="a">unmediated</marc:subfield>
            <marc:subfield code="b">n</marc:subfield>
            <marc:subfield code="2">rdamedia</marc:subfield>
        </marc:datafield>
        <marc:datafield tag="338" ind1=" " ind2=" ">
            <marc:subfield code="a">volume</marc:subfield>
            <marc:subfield code="b">nc</marc:subfield>
            <marc:subfield code="2">rdacarrier</marc:subfield>
        </marc:datafield>
    </marc:record>-->
    
    <!-- 000/06 a NOT 655$a||650$v stories without words||coloring book -->
    <!--<marc:record>
        <marc:leader>03407cam a2200661 i 4500</marc:leader>
    </marc:record>
    
    <marc:record>
        <marc:leader>03407cam a2200661 i 4500</marc:leader>
        <marc:datafield tag="650" ind1=" " ind2=" ">
            <marc:subfield code="a">Subject</marc:subfield>
            <marc:subfield code="v">Stories without words</marc:subfield>
        </marc:datafield>
    </marc:record>
    
    <marc:record>
        <marc:leader>03407cam a2200661 i 4500</marc:leader>
        <marc:datafield tag="655" ind1=" " ind2=" ">
            <marc:subfield code="a">Coloring book.</marc:subfield>
        </marc:datafield>
    </marc:record>-->
    
    <!-- 007 ag or 300 $a diagram and LDR6 e|f -->
    <!--<marc:record>
        <marc:leader>03407cfm a2200661 i 4500</marc:leader>
        <marc:controlfield tag="007">ag</marc:controlfield>
    </marc:record>
    
    <marc:record>
        <marc:leader>03407cem a2200661 i 4500</marc:leader>
        <marc:datafield tag="300" ind1=" " ind2=" ">
            <marc:subfield code="a">diagram</marc:subfield>
        </marc:datafield>
    </marc:record>-->
    
    <!-- 007 gs NOT 300 viewmaster|stereoscopic -->
    <!--<marc:record>
        <marc:leader>03407cem a2200661 i 4500</marc:leader>
        <marc:controlfield tag="007">gs</marc:controlfield>
    </marc:record>
    
    <marc:record>
        <marc:leader>03407cem a2200661 i 4500</marc:leader>
        <marc:controlfield tag="007">gs</marc:controlfield>
        <marc:datafield tag="300" ind1=" " ind2=" ">
            <marc:subfield code="a">stereoscopic</marc:subfield>
        </marc:datafield>
    </marc:record>-->
    
    <!-- 007 gt or 300 transparencies AND LDR6=k -->
    <!--<marc:record>
        <marc:leader>03407ckm a2200661 i 4500</marc:leader>
        <marc:controlfield tag="007">gt</marc:controlfield>
    </marc:record>
    
    <marc:record>
        <marc:leader>03407ckm a2200661 i 4500</marc:leader>
        <marc:datafield tag="300" ind1=" " ind2=" ">
            <marc:subfield code="a">transparencies</marc:subfield>
        </marc:datafield>
    </marc:record>-->
    
    <!-- 007 kh NOT 300 $a stereo -->
    <!--<marc:record>
        <marc:leader>03407cim a2200661 i 4500</marc:leader>
        <marc:controlfield tag="007">kh</marc:controlfield>
    </marc:record>-->
    
    <!-- 007 kh AND 300 $a stereo -->
    <!--<marc:record>
        <marc:leader>03407cim a2200661 i 4500</marc:leader>
        <marc:controlfield tag="007">kh</marc:controlfield>
        <marc:datafield tag="300" ind1=" " ind2=" ">
            <marc:subfield code="a">stereo</marc:subfield>
        </marc:datafield>
    </marc:record>-->
    
    <!-- interactive multimedia -->
    <!--<marc:record>
        <marc:leader>03407cmm a2200661 i 4500</marc:leader>
        <marc:controlfield tag="008">                          i</marc:controlfield>
        <marc:datafield tag="516" ind1=" " ind2=" ">
            <marc:subfield code="a">Interactive multimedia</marc:subfield>
        </marc:datafield>
    </marc:record>-->
    
    <!-- 008 VM 33=s / 006 16=s / 245 $h slide / 300 $a slide - NOT 300 viewmaster|stereoscopic -->
    <!--<marc:record>
        <marc:leader>03407cgm a2200661 i 4500</marc:leader>
        <marc:controlfield tag="008">                                 s</marc:controlfield>
    </marc:record>
    
    <marc:record>
        <marc:leader>03407cgm a2200661 i 4500</marc:leader>
        <marc:controlfield tag="006">k               s</marc:controlfield>
    </marc:record>
    
    <marc:record>
        <marc:leader>03407cgm a2200661 i 4500</marc:leader>
        <marc:datafield tag="245" ind1="0" ind2="0">
            <marc:subfield code="h">slide</marc:subfield>
        </marc:datafield>
    </marc:record>
    
    <marc:record>
        <marc:leader>03407cgm a2200661 i 4500</marc:leader>
        <marc:datafield tag="300" ind1=" " ind2=" ">
            <marc:subfield code="a">1 slide</marc:subfield>
        </marc:datafield>
    </marc:record>-->
    
    <!-- 008 VM 33=s / 006 16=s / 245 $h slide / 300 $a slide - AND 300 viewmaster|stereoscopic -->
<!--    <marc:record>
        <marc:leader>03407cgm a2200661 i 4500</marc:leader>
        <marc:controlfield tag="008">                                 s</marc:controlfield>
        <marc:datafield tag="300" ind1=" " ind2=" ">
            <marc:subfield code="a">viewmaster</marc:subfield>
        </marc:datafield>
    </marc:record>
    
    <marc:record>
        <marc:leader>03407cgm a2200661 i 4500</marc:leader>
        <marc:controlfield tag="006">k               s</marc:controlfield>
        <marc:datafield tag="300" ind1=" " ind2=" ">
            <marc:subfield code="a">stereoscopic</marc:subfield>
            <marc:subfield code="a">test extra</marc:subfield>
        </marc:datafield>
    </marc:record>