
    <marc:record>
        <marc:leader>03407cim a2200661 i 4500</marc:leader>
        <marc:controlfield tag="007">g    bd          </marc:controlfield>
        <marc:datafield tag="245" ind1=" " ind2=" ">
            <marc:subfield code="h">audioCD</marc:subfield>
        </marc:datafield>
    </marc:record>-->
    
    <!-- cassette and LDR6 = i|j -->
    <!--<marc:record>
        <marc:leader>03407cjm a2200661 i 4500</marc:leader>
        <marc:datafield tag="300" ind1=" " ind2=" ">
            <marc:subfield code="a">2 cassettes</marc:subfield>
        </marc:datafield>
    </marc:record>-->
    
    <!-- CD etc. and LDR6 = i|j -->
    <!--<marc:record>
        <marc:leader>03407cim a2200661 i 4500</marc:leader>
        <marc:datafield tag="300" ind1=" " ind2=" ">
            <marc:subfield code="a">CD</marc:subfield>
        </marc:datafield>
    </marc:record>-->
    
    <!-- CD etc. AN 008 MU 30-31 not n -->
    <!-- ADD TEST -->
    
    <!-- compact disc and LDR6= i|j -->
    <!--<marc:record>
        <marc:leader>03407cim a2200661 i 4500</marc:leader>
        <marc:datafield tag="300" ind1=" " ind2=" ">
            <marc:subfield code="a">compact disc</marc:subfield>
        </marc:datafield>
    </marc:record>-->
    
    <!-- on side and LDR6 = i|j  -->
    <!--<marc:record>
        <marc:leader>03407cim a2200661 i 4500</marc:leader>
        <marc:datafield tag="300" ind1=" " ind2=" ">
            <marc:subfield code="a">on side</marc:subfield>
        </marc:datafield>
    </marc:record>-->
    
    <!-- sound disc not sound disc cartridge -->
    <marc:record>
        <marc:leader>03407cim a2200661 i 4500</marc:leader>
        <marc:datafield tag="300" ind1=" " ind2=" ">
            <marc:subfield code="a">sound disc</marc:subfield>
        </marc:datafield>
    </marc:record>
    
    <marc:record>
        <marc:leader>03407cim a2200661 i 4500</marc:leader>
        <marc:datafield tag="300" ind1=" " ind2=" ">
            <marc:subfield code="a">sound disc cartridge</marc:subfield>
        </marc:datafield>
    </marc:record>
    
    
    <!-- computer disc not computer disc cartridge -->
    
    <!--<marc:record>
        <marc:leader>03407cmm a2200661 i 4500</marc:leader>
        <marc:datafield tag="300" ind1=" " ind2=" ">
            <marc:subfield code="a">computer disc</marc:subfield>
        </marc:datafield>
    </marc:record>
    
    <marc:record>
        <marc:leader>03407cmm a2200661 i 4500</marc:leader>
        <marc:datafield tag="300" ind1=" " ind2=" ">
            <marc:subfield code="a">computer disc cartridge</marc:subfield>
        </marc:datafield>
    </marc:record>-->
    
    <!-- computer optical disc not computer optical disc cartridge -->
    <!--<marc:record>
        <marc:leader>03407cmm a2200661 i 4500</marc:leader>
        <marc:datafield tag="300" ind1=" " ind2=" ">
            <marc:subfield code="a">computer optical disc</marc:subfield>
        </marc:datafield>
    </marc:record>
    
    <marc:record>
        <marc:leader>03407cmm a2200661 i 4500</marc:leader>
        <marc:datafield tag="300" ind1=" " ind2=" ">
            <marc:subfield code="a">computer optical disc cartridge</marc:subfield>
        </marc:datafield>
    </marc:record>-->
    
    <!-- reel and LDR6=g -->
    <!--<marc:record>
        <marc:leader>03407cgm a2200661 i 4500</marc:leader>
        <marc:datafield tag="300" ind1=" " ind2=" ">
            <marc:subfield code="a">reel</marc:subfield>
        </marc:datafield>
    </marc:record>-->
    
    <!-- roll and LDR6=g -->
    <!--<marc:record>
        <marc:leader>03407cgm a2200661 i 4500</marc:leader>
        <marc:datafield tag="300" ind1=" " ind2=" ">
            <marc:subfield code="a">roll</marc:subfield>
        </marc:datafield>
    </marc:record>-->
    
    <!-- CD etc. and LDR6=g -->
    <!--<marc:record>
        <marc:leader>03407cgm a2200661 i 4500</marc:leader>
        <marc:datafield tag="300" ind1=" " ind2=" ">
            <marc:subfield code="a">CD-ROM</marc:subfield>
        </marc:datafield>
    </marc:record>-->
    
    <!-- DVD etc. and LDR6=g -->
    <!--<marc:record>
        <marc:leader>03407cgm a2200661 i 4500</marc:leader>
        <marc:datafield tag="300" ind1=" " ind2=" ">
            <marc:subfield code="a">DVD</marc:subfield>
        </marc:datafield>
    </marc:record>-->
    
    <!-- view and LDR6=e|f -->
    <!--<marc:record>
        <marc:leader>03407cem a2200661 i 4500</marc:leader>
        <marc:datafield tag="300" ind1=" " ind2=" ">
            <marc:subfield code="a">view</marc:subfield>
        </marc:datafield>
    </marc:record>-->
    
    <!-- chart and LDR6=e|f-->
    <!--<marc:record>
        <marc:leader>03407cem a2200661 i 4500</marc:leader>
        <marc:datafield tag="300" ind1=" " ind2=" ">
            <marc:subfield code="a">chart</marc:subfield>
        </marc:datafield>
    </marc:record>-->
    
    <!-- jigsaw puzzle and LDR6=e|f -->
    <!--<marc:record>
        <marc:leader>03407cfm a2200661 i 4500</marc:leader>
        <marc:datafield tag="300" ind1=" " ind2=" ">
            <marc:subfield code="a">jigsaw puzzle</marc:subfield>
        </marc:datafield>
    </marc:record>-->
    
    <!-- remote sensing image etc. and LDR6=e|f -->
    <!--<marc:record>
        <marc:leader>03407cem a2200661 i 4500</marc:leader>
        <marc:datafield tag="300" ind1=" " ind2=" ">
            <marc:subfield code="a">remote sensing image</marc:subfield>
        </marc:datafield>
    </marc:record>
    -->
    
    <!-- part/score AND LDR6=c|d AND 1 p. etc. -->
    <!--<marc:record>
        <marc:leader>03407ccm a2200661 i 4500</marc:leader>
        <marc:datafield tag="300" ind1=" " ind2=" ">
            <marc:subfield code="a">part (1 p.)</marc:subfield>
        </marc:datafield>
    </marc:record>-->
    
    <!-- part/score AND LDR6=c|d NOT 1 p. etc. -->
    <!--<marc:record>
        <marc:leader>03407cdm a2200661 i 4500</marc:leader>
        <marc:datafield tag="300" ind1=" " ind2=" ">
            <marc:subfield code="a">score (20 p.)</marc:subfield>
        </marc:datafield>
    </marc:record>