-->
    
    <!-- diagram AND LDR6=k-->
    <!--<marc:record>
        <marc:leader>03407ckm a2200661 i 4500</marc:leader>
        <marc:datafield tag="245" ind1="0" ind2="0">
            <marc:subfield code="h">[diagram]</marc:subfield>
        </marc:datafield>
        <marc:datafield tag="300" ind1=" " ind2=" ">
            <marc:subfield code="a">diagram</marc:subfield>
        </marc:datafield>
    </marc:record>-->
    
    <!-- jigsaw puzzle NOT LDR6=k -->
    <!--<marc:record>
        <marc:leader>03407ccm a2200661 i 4500</marc:leader>
        <marc:datafield tag="300" ind1=" " ind2=" ">
            <marc:subfield code="a">jigsaw puzzle</marc:subfield>
        </marc:datafield>
    </marc:record>-->
    
    <!-- album|binder AND LDR6=k -->
    <!--<marc:record>
        <marc:leader>03407ckm a2200661 i 4500</marc:leader>
        <marc:datafield tag="300" ind1=" " ind2=" ">
            <marc:subfield code="a">album</marc:subfield>
        </marc:datafield>
    </marc:record>-->
    
    <!-- contact sheet AND LDR6=k -->
    <!--<marc:record>
        <marc:leader>03407ckm a2200661 i 4500</marc:leader>
        <marc:datafield tag="300" ind1=" " ind2=" ">
            <marc:subfield code="a">contact sheet</marc:subfield>
        </marc:datafield>
    </marc:record>-->
    
    <!-- gelatin silver etc. AND LDR6=k -->
    <!--<marc:record>
        <marc:leader>03407ckm a2200661 i 4500</marc:leader>
        <marc:datafield tag="300" ind1=" " ind2=" ">
            <marc:subfield code="a">silver gelatin print</marc:subfield>
        </marc:datafield>
    </marc:record>-->
    
    <!-- printing plate AND LDR6=k -->
    <!--<marc:record>
        <marc:leader>03407ckm a2200661 i 4500</marc:leader>
        <marc:datafield tag="300" ind1=" " ind2=" ">
            <marc:subfield code="a">printing plate</marc:subfield>
        </marc:datafield>
    </marc:record>-->
    
    <!-- prints AND LDR6=k -->
    <!--<marc:record>
        <marc:leader>03407ckm a2200661 i 4500</marc:leader>
        <marc:datafield tag="300" ind1=" " ind2=" ">
            <marc:subfield code="a">prints</marc:subfield>
        </marc:datafield>
    </marc:record>-->
    
    <!-- box etc. AND LDR6=a|t -->
    <!--<marc:record>
        <marc:leader>03407cam a2200661 i 4500</marc:leader>
        <marc:datafield tag="300" ind1=" " ind2=" ">
            <marc:subfield code="a">box</marc:subfield>
        </marc:datafield>
    </marc:record>-->
    
    <!-- leaf NOT leaf of music AND LDR6=a|t -->
    <!--<marc:record>
        <marc:leader>03407ckm a2200661 i 4500</marc:leader>
        <marc:datafield tag="300" ind1=" " ind2=" ">
            <marc:subfield code="a">1 leaf</marc:subfield>
        </marc:datafield>
    </marc:record>
    
    <marc:record>
        <marc:leader>03407ckm a2200661 i 4500</marc:leader>
        <marc:datafield tag="300" ind1=" " ind2=" ">
            <marc:subfield code="a">1 leaf of music</marc:subfield>
        </marc:datafield>
    </marc:record>-->
    
    <!-- page|^1 p. AND LDR6=a|t -->
    <!--<marc:record>
        <marc:leader>03407ctm a2200661 i 4500</marc:leader>
        <marc:datafield tag="300" ind1=" " ind2=" ">
            <marc:subfield code="a">1 page</marc:subfield>
        </marc:datafield>
    </marc:record>-->
    
    <!-- pages|p. AND LDR6=a|t NOT ^1p. -->
    <!--<marc:record>
        <marc:leader>03407ctm a2200661 i 4500</marc:leader>
        <marc:datafield tag="300" ind1=" " ind2=" ">
            <marc:subfield code="a">500 p.</marc:subfield>
        </marc:datafield>
    </marc:record>-->
    
    <!-- pages|p. NOT LDR6=a|t NOT ^1p. -->
    <!--<marc:record>
        <marc:leader>03407cjm a2200661 i 4500</marc:leader>
        <marc:datafield tag="300" ind1=" " ind2=" ">
            <marc:subfield code="a">500 p.</marc:subfield>
        </marc:datafield>
    </marc:record>-->
    
    <!-- papers AND LDR6=a|t -->
    <!--<marc:record>
        <marc:leader>03407ctm a2200661 i 4500</marc:leader>
        <marc:datafield tag="300" ind1=" " ind2=" ">
            <marc:subfield code="a">papers</marc:subfield>
        </marc:datafield>
    </marc:record>-->
    
    <!-- papers NOT LDR6=a|t -->
    <!--<marc:record>
        <marc:leader>03407cim a2200661 i 4500</marc:leader>
        <marc:datafield tag="300" ind1=" " ind2=" ">
            <marc:subfield code="a">papers</marc:subfield>
        </marc:datafield>
    </marc:record>-->
    
    <!-- portfolio AND LDR6=a|t-->
   <!-- <marc:record>
        <marc:leader>03407cam a2200661 i 4500</marc:leader>
        <marc:datafield tag="300" ind1=" " ind2=" ">
            <marc:subfield code="a">portfolio</marc:subfield>
        </marc:datafield>
    </marc:record>-->
    
    <!-- portfolio NOT LDR6=a|t-->
    <!--<marc:record>
        <marc:leader>03407cjm a2200661 i 4500</marc:leader>
        <marc:datafield tag="300" ind1=" " ind2=" ">
            <marc:subfield code="a">portfolio</marc:subfield>
        </marc:datafield>
    </marc:record>-->
    
    <!-- scrapbook AND LDR6=a|t -->
    <!--<marc:record>
        <marc:leader>03407cam a2200661 i 4500</marc:leader>
        <marc:datafield tag="300" ind1=" " ind2=" ">
            <marc:subfield code="a">scrapbook</marc:subfield>
        </marc:datafield>
    </marc:record>-->
    
    <!-- scrapbook NOT LDR6=a|t -->
   <!-- <marc:record>
        <marc:leader>03407cjm a2200661 i 4500</marc:leader>
        <marc:datafield tag="300" ind1=" " ind2=" ">
            <marc:subfield code="a">scrapbook</marc:subfield>
        </marc:datafield>
    </marc:record>-->
    
    <!-- v. vol -->
    <!--<marc:record>
        <marc:leader>03407cam a2200661 i 4500</marc:leader>
        <marc:datafield tag="300" ind1=" " ind2=" ">
            <marc:subfield code="a">1 volume</marc:subfield>
        </marc:datafield>
    </marc:record>
    
    <marc:record>
        <marc:leader>03407cjm a2200661 i 4500</marc:leader>
        <marc:datafield tag="300" ind1=" " ind2=" ">
            <marc:subfield code="a">2 v.</marc:subfield>
        </marc:datafield>
    </marc:record>-->
    
</marc:collection>
